@book{wengrow2020commomsense,
	author = {Jay Wengrow},
	title = {A Common-Sense Guide to Data Structures and Algorithms, Second Edition},
	year = {2020},
	publisher = {The Pragmatic Bookshelf},
	address = {Raleigh, NC-US},
	isbn = {9781680507225},
}
